@misc{referencia01,
	author = {autor},
	title = {glosary},
	year = {year},
	howpublished = {Recuperado de  {}},
	note = {Accedido el 30/11/2019}
}




